@book{this-book,
Address = {Chapel Hill, NC},
Date-Added = {2012-02-19 16:40:03 +0000},
Date-Modified = {2012-03-06 19:40:47 +0000},
Editor = {Evangelista, Dennis},
Publisher = {Ender \& Cat},
Title = {Cookbook},
Year = {2014}}

@incollection{ch:test,
Address = {Chapel Hill, NC},
Author = {Ben Umayam},
Title = {Test chapter},
Booktitle = {Cookbook},
Editor = {Dennis Evangelista},
Pages = {x--xx},
Publisher = {Ender \& Cat},
Year = {2014}}